@book{wald2010general,
	title={General relativity},
	author={Wald, Robert M},
	year={2010},
	publisher={University of Chicago press}
}



@article{witten2020light,
	title={Light rays, singularities, and all that},
	author={Witten, Edward},
	journal={Reviews of Modern Physics},
	volume={92},
	number={4},
	pages={045004},
	year={2020},
	publisher={APS}
}

@article{spradlin2001houches,
	title={“Les Houches Lectures on De Sitter Space”, hep-th/0110007},
	author={Spradlin, M and Strominger, A and Volovich, A},
	year={2001}
}


